

@inproceedings{1,
	title={Optimal complete terrain coverage using an unmanned aerial vehicle},
	author={Xu, Anqi and Viriyasuthee, Chatavut and Rekleitis, Ioannis},
	booktitle={Robotics and Automation (ICRA), 2011 IEEE International Conference on},
	pages={2513--2519},
	year={2011},
	organization={IEEE}
}

@inproceedings{2,
	title={Multiple UAV area decomposition and coverage},
	author={Araujo, JF and Sujit, PB and Sousa, Jo{\~a}o B},
	booktitle={2013 IEEE Symposium on Computational Intelligence for Security and Defense Applications (CISDA)},
	pages={30--37},
	year={2013},
	organization={IEEE}
}